<record><leader>00000cas a22000007a 4500</leader><controlfield tag="001">28320674</controlfield><controlfield tag="008">930624d19071912mouwr ne      0    0eng d</controlfield><datafield ind1=" " ind2=" " tag="010"><subfield code="a">sn 93060027 </subfield></datafield><datafield ind1=" " ind2=" " tag="040"><subfield code="a">MQN</subfield><subfield code="b">eng</subfield><subfield code="c">MQN</subfield><subfield code="d">OCLCQ</subfield></datafield><datafield ind1=" " ind2=" " tag="042"><subfield code="a">msc</subfield></datafield><datafield ind1="0" ind2="0" tag="245"><subfield code="a">Kirkwood tablet.</subfield></datafield><datafield ind1=" " ind2=" " tag="260"><subfield code="a">Kirkwood, Mo. :</subfield><subfield code="b">Kirkwood Print. and Pub. Co.</subfield></datafield><datafield ind1=" " ind2=" " tag="300"><subfield code="a">v.</subfield></datafield><datafield ind1=" " ind2=" " tag="310"><subfield code="a">Weekly</subfield></datafield><datafield ind1="1" ind2=" " tag="362"><subfield code="a">Ceased in 1912.</subfield></datafield><datafield ind1=" " ind2=" " tag="588"><subfield code="a">Description based on: Vol. 1, no. 51 (June 27, 1908).</subfield></datafield><datafield ind1=" " ind2="4" tag="651"><subfield code="a">Kirkwood (Mo.)</subfield><subfield code="v">Newspapers.</subfield></datafield><datafield ind1=" " ind2=" " tag="752"><subfield code="a">United States</subfield><subfield code="b">Missouri</subfield><subfield code="c">Saint Louis</subfield><subfield code="d">Kirkwood.</subfield></datafield><datafield ind1="0" ind2="0" tag="785"><subfield code="t">St. Louis County news</subfield><subfield code="w">(DLC)sn 93060028</subfield></datafield><datafield ind1="1" ind2=" " tag="029"><subfield code="a">AU@</subfield><subfield code="b">000025858868</subfield></datafield></record>